@article{LSH:Andoni,
 author = {Andoni, Alexandr and Indyk, Piotr},
 title = {Near-optimal Hashing Algorithms for Approximate Nearest Neighbor in High Dimensions},
 journal = {Commun. ACM},
 issue_date = {January 2008},
 volume = {51},
 number = {1},
 month = jan,
 year = {2008},
 issn = {0001-0782},
 pages = {117--122},
 numpages = {6},
 url = {http://doi.acm.org/10.1145/1327452.1327494},
 doi = {10.1145/1327452.1327494},
 acmid = {1327494},
 publisher = {ACM},
 address = {New York, NY, USA},
}

@misc{meeker2014internet,
  title={Internet Trends 2014 - Code Conference},
  author={Meeker, Mary},
  year={2014},
  publisher={KPCB},
  url = {http://www.kpcb.com/internet-trends}
}
